% Encoding: UTF-8
@misc{DGEQR2,
	author = {Univ. of Tennessee, Univ. of California Berkeley and NAG Ltd..},
	title = {{LAPACK unblocked QR}},
	howpublished = "\url{http://www.netlib.org/lapack/explore-3.1.1-html/dgeqr2.f.html}",
	year = {2006}, 
	note = "[Online; zugegriffen 31-01-2018]"
}

@misc{DGEQRF,
	author = {Univ. of Tennessee, Univ. of California Berkeley and NAG Ltd..},
	title = {{LAPACK blocked QR}},
	howpublished = "\url{http://www.netlib.org/lapack/explore-3.1.1-html/dgeqrf.f.html}",
	year = {2006}, 
	note = "[Online; zugegriffen 31-01-2018]"
}

